%# -*- coding: utf-8-unix -*-

%1
@TechReport{NRL,
	institution =  {Networking Research Lab at Department of Computer Science And Engineering at Shanghai Jiao Tong University},
  url =          {http://202.120.37.78:8080/nrl}
}

%2
@article{agrawal1993efficient,
  title={Efficient similarity search in sequence databases},
  author={Agrawal, Rakesh and Faloutsos, Christos and Swami, Arun},
  journal={Foundations of data organization and algorithms},
  pages={69--84},
  year={1993},
  publisher={Springer}
}

%3
@inproceedings{chan1999efficient,
  title={Efficient time series matching by wavelets},
  author={Chan, Kin-Pong and Fu, Ada Wai-Chee},
  booktitle={Data Engineering, 1999. Proceedings., 15th International Conference on},
  pages={126--133},
  year={1999},
  organization={IEEE}
}

%4
@article{bernad1996finding,
  title={Finding patterns in time series: a dynamic programming approach},
  author={Bernad, DJ},
  journal={Advances in knowledge discovery and data mining},
  year={1996},
  publisher={AAAI Press/The MIT Press}
}

%5
@inproceedings{yanagisawa2003shape,
  title={Shape-based similarity query for trajectory of mobile objects},
  author={Yanagisawa, Yutaka and Akahani, Jun-ichi and Satoh, Tetsuji},
  booktitle={International Conference on Mobile Data Management},
  pages={63--77},
  year={2003},
  organization={Springer}
}

%6
@inproceedings{cai2004indexing,
  title={Indexing spatio-temporal trajectories with Chebyshev polynomials},
  author={Cai, Yuhan and Ng, Raymond},
  booktitle={Proceedings of the 2004 ACM SIGMOD international conference on Management of data},
  pages={599--610},
  year={2004},
  organization={ACM}
}

%7
@inproceedings{vlachos2004rotation,
  title={Rotation invariant distance measures for trajectories},
  author={Vlachos, Michail and Gunopulos, Dimitrios and Das, Gautam},
  booktitle={Proceedings of the tenth ACM SIGKDD international conference on Knowledge discovery and data mining},
  pages={707--712},
  year={2004},
  organization={ACM}
}


%8
@inproceedings{sakurai2005ftw,
  title={FTW: fast similarity search under the time warping distance},
  author={Sakurai, Yasushi and Yoshikawa, Masatoshi and Faloutsos, Christos},
  booktitle={Proceedings of the twenty-fourth ACM SIGMOD-SIGACT-SIGART symposium on Principles of database systems},
  pages={326--337},
  year={2005},
  organization={ACM}
}

%9
@inproceedings{vlachos2002discovering,
  title={Discovering similar multidimensional trajectories},
  author={Vlachos, Michail and Kollios, George and Gunopulos, Dimitrios},
  booktitle={Data Engineering, 2002. Proceedings. 18th International Conference on},
  pages={673--684},
  year={2002},
  organization={IEEE}
}

%10
@inproceedings{chen2005robust,
  title={Robust and fast similarity search for moving object trajectories},
  author={Chen, Lei and {\"O}zsu, M Tamer and Oria, Vincent},
  booktitle={Proceedings of the 2005 ACM SIGMOD international conference on Management of data},
  pages={491--502},
  year={2005},
  organization={ACM}
}

%11
@inproceedings{chen2004marriage,
  title={On the marriage of lp-norms and edit distance},
  author={Chen, Lei and Ng, Raymond},
  booktitle={Proceedings of the Thirtieth international conference on Very large data bases-Volume 30},
  pages={792--803},
  year={2004},
  organization={VLDB Endowment}
}

%12
@inproceedings{frentzos2007index,
  title={Index-based most similar trajectory search},
  author={Frentzos, Elias and Gratsias, Kostas and Theodoridis, Yannis},
  booktitle={Data Engineering, 2007. ICDE 2007. IEEE 23rd International Conference on},
  pages={816--825},
  year={2007},
  organization={IEEE}
}

%13
@inproceedings{sankararaman2013model,
  title={Model-driven matching and segmentation of trajectories},
  author={Sankararaman, Swaminathan and Agarwal, Pankaj K and M{\o}lhave, Thomas and Pan, Jiangwei and Boedihardjo, Arnold P},
  booktitle={Proceedings of the 21st ACM SIGSPATIAL International Conference on Advances in Geographic Information Systems},
  pages={234--243},
  year={2013},
  organization={ACM}
}


%14
@inproceedings{visvalingam1990douglas,
  title={The Douglas-Peucker Algorithm for Line Simplification: Re-evaluation through Visualization},
  author={Visvalingam, Mahes and Whyatt, J Duncan},
  booktitle={Computer Graphics Forum},
  volume={9},
  number={3},
  pages={213--225},
  year={1990},
  organization={Wiley Online Library}
}
%15
@misc{flasklibrary,
    %author = "Saleh Elmohamed",
    title = "Jinja2 and WSGI",
    howpublished = "Website",
    %year = {1996},
    note = {\url{http://werkzeug.pocoo.org/docs/0.12/} \url{http://jinja.pocoo.org/docs/2.9/}}
}

%15
@book{hershberger1992speeding,
  title={Speeding up the Douglas-Peucker line-simplification algorithm},
  author={Hershberger, John Edward and Snoeyink, Jack},
  year={1992},
  publisher={University of British Columbia, Department of Computer Science}
}

%16 RTREE
@techreport{sellis1987r+,
  title={The R+-Tree: A Dynamic Index for Multi-Dimensional Objects.},
  author={Sellis, Timos and Roussopoulos, Nick and Faloutsos, Christos},
  year={1987}
}

%17 mapReduce
@article{dean2008mapreduce,
  title={MapReduce: simplified data processing on large clusters},
  author={Dean, Jeffrey and Ghemawat, Sanjay},
  journal={Communications of the ACM},
  volume={51},
  number={1},
  pages={107--113},
  year={2008},
  publisher={ACM}
}

%18 spark
@article{zaharia2010spark,
  title={Spark: Cluster Computing with Working Sets.},
  author={Zaharia, Matei and Chowdhury, Mosharaf and Franklin, Michael J and Shenker, Scott and Stoica, Ion},
  journal={HotCloud},
  volume={10},
  number={10-10},
  pages={95},
  year={2010}
}

%19
@article{zheng2015trajectory,
  title={Trajectory data mining: an overview},
  author={Zheng, Yu},
  journal={ACM Transactions on Intelligent Systems and Technology (TIST)},
  volume={6},
  number={3},
  pages={29},
  year={2015},
  publisher={ACM}
}

%20
@book{zheng2011computing,
  title={Computing with spatial trajectories},
  author={Zheng, Yu and Zhou, Xiaofang},
  year={2011},
  publisher={Springer Science \& Business Media}
}

%21
@inproceedings{morse2007efficient,
  title={An efficient and accurate method for evaluating time series similarity},
  author={Morse, Michael D and Patel, Jignesh M},
  booktitle={Proceedings of the 2007 ACM SIGMOD international conference on Management of data},
  pages={569--580},
  year={2007},
  organization={ACM}
}

%21
@inproceedings{qi2015efficient,
  title={Efficient point-based trajectory search},
  author={Qi, Shuyao and Bouros, Panagiotis and Sacharidis, Dimitris and Mamoulis, Nikos},
  booktitle={International Symposium on Spatial and Temporal Databases},
  pages={179--196},
  year={2015},
  organization={Springer}
}

%22
@inproceedings{roussopoulos1995nearest,
  title={Nearest neighbor queries},
  author={Roussopoulos, Nick and Kelley, Stephen and Vincent, Fr{\'e}d{\'e}ric},
  booktitle={ACM sigmod record},
  volume={24},
  number={2},
  pages={71--79},
  year={1995},
  organization={ACM}
}

%23
@inproceedings{chen2010searching,
  title={Searching trajectories by locations: an efficiency study},
  author={Chen, Zaiben and Shen, Heng Tao and Zhou, Xiaofang and Zheng, Yu and Xie, Xing},
  booktitle={Proceedings of the 2010 ACM SIGMOD International Conference on Management of data},
  pages={255--266},
  year={2010},
  organization={ACM}
}

%24
@inproceedings{tang2011retrieving,
  title={Retrieving k-nearest neighboring trajectories by a set of point locations},
  author={Tang, Lu-An and Zheng, Yu and Xie, Xing and Yuan, Jing and Yu, Xiao and Han, Jiawei},
  booktitle={International Symposium on Spatial and Temporal Databases},
  pages={223--241},
  year={2011},
  organization={Springer}
}

%25
@inproceedings{chen2009trajectory,
  title={Trajectory simplification method for location-based social networking services},
  author={Chen, Yukun and Jiang, Kai and Zheng, Yu and Li, Chunping and Yu, Nenghai},
  booktitle={Proceedings of the 2009 International Workshop on Location Based Social Networks},
  pages={33--40},
  year={2009},
  organization={ACM}
}

%26
@article{shang2014personalized,
  title={Personalized trajectory matching in spatial networks},
  author={Shang, Shuo and Ding, Ruogu and Zheng, Kai and Jensen, Christian S and Kalnis, Panos and Zhou, Xiaofang},
  journal={The VLDB Journal},
  volume={23},
  number={3},
  pages={449--468},
  year={2014},
  publisher={Springer}
}

%27
@TechReport{AutoNavi,
	institution =  {AutoNavi Map Javascript Application Program Interface},
  url =          {http://lbs.amap.com/api/javascript-api/summary/}
}

%28
@article{tuw2002software,
  title={Software requirement specification},
  author={TUW, Rainer Pamminger and Fraunhofer, IZM},
  year={2002}
}

%29
@TechReport{sparkclustermanager,
	institution =  {Cluster Mode Overview},
  url =          {http://spark.apache.org/docs/latest/cluster-overview.html#cluster-manager-types}
}

%30
@article{hongzhi2017parallel,
  title={Parallel Trajectory Search Based on Distributed Index},
  author={Hongzhi, Wang and Belhassena, Amina},
  journal={Information Sciences},
  year={2017},
  publisher={Elsevier}
}

%31
@TechReport{rtreedocument,
	institution =  {Rtree: Spatial indexing for Python},
  url =          {http://toblerity.org/rtree/}
}